<?xml version="1.0" encoding="UTF-8"?><collection xmlns="http://www.loc.gov/MARC21/slim"><record><leader>00454nam--2200145-i-4500</leader><controlfield tag="001">000005345</controlfield><controlfield tag="002">20161230</controlfield><controlfield tag="005">20170129223623</controlfield><controlfield tag="008">060222s1000------------r-----000-0-eng-d</controlfield><datafield ind1=" " ind2=" " tag="245"><subfield code="a">Bibliography on plasma physics and magnetohy drodynamic and theor applications to controlled thermonuclear reactions</subfield></datafield><datafield ind1=" " ind2=" " tag="260"><subfield code="a">Maryland</subfield><subfield code="b">Engg.And Phys.Scient.Library</subfield><subfield code="c">1959</subfield></datafield><datafield ind1=" " ind2=" " tag="300"><subfield code="a">105 p</subfield></datafield><datafield ind1=" " ind2=" " tag="700"><subfield code="a">Ramer, J. D</subfield></datafield><datafield ind1=" " ind2=" " tag="852"><subfield code="a">D.1041</subfield></datafield><datafield ind1=" " ind2=" " tag="CAT"><subfield code="a">SYS</subfield><subfield code="c">20170129</subfield><subfield code="h">223623</subfield></datafield></record></collection>